@article{lms,
 author = {Rompf, Tiark and Odersky, Martin},
 title = {Lightweight Modular Staging: A Pragmatic Approach to Runtime Code Generation and Compiled DSLs},
 journal = {Commun. ACM},
 issue_date = {June 2012},
 volume = {55},
 number = {6},
 month = jun,
 year = {2012},
 issn = {0001-0782},
 pages = {121--130},
 numpages = {10},
 url = {http://doi.acm.org/10.1145/2184319.2184345},
 doi = {10.1145/2184319.2184345},
 acmid = {2184345},
 publisher = {ACM},
 address = {New York, NY, USA},
}

@article{delite,
 author = {Sujeeth, Arvind K. and Brown, Kevin J. and Lee, Hyoukjoong and Rompf, Tiark and Chafi, Hassan and Odersky, Martin and Olukotun, Kunle},
 title = {Delite: A Compiler Architecture for Performance-Oriented Embedded Domain-Specific Languages},
 journal = {ACM Trans. Embed. Comput. Syst.},
 issue_date = {July 2014},
 volume = {13},
 number = {4s},
 month = apr,
 year = {2014},
 issn = {1539-9087},
 pages = {134:1--134:25},
 articleno = {134},
 numpages = {25},
 url = {http://doi.acm.org/10.1145/2584665},
 doi = {10.1145/2584665},
 acmid = {2584665},
 publisher = {ACM},
 address = {New York, NY, USA},
 keywords = {Domain-specific languages, code generation, language virtualization, multistage programming},
}

@inproceedings{optistructs,
 author = {Rompf, Tiark and Sujeeth, Arvind K. and Amin, Nada and Brown, Kevin J. and Jovanovic, Vojin and Lee, HyoukJoong and Jonnalagedda, Manohar and Olukotun, Kunle and Odersky, Martin},
 title = {Optimizing Data Structures in High-level Programs: New Directions for Extensible Compilers Based on Staging},
 booktitle = {Proceedings of the 40th Annual ACM SIGPLAN-SIGACT Symposium on Principles of Programming Languages},
 series = {POPL '13},
 year = {2013},
 isbn = {978-1-4503-1832-7},
 location = {Rome, Italy},
 pages = {497--510},
 numpages = {14},
 url = {http://doi.acm.org/10.1145/2429069.2429128},
 doi = {10.1145/2429069.2429128},
 acmid = {2429128},
 publisher = {ACM},
 address = {New York, NY, USA},
 keywords = {code generation, data structures, extensible compilers, staging},
}

@inproceedings{eatperf,
 author = {Brown, Kevin J. and Lee, HyoukJoong and Rompf, Tiark and Sujeeth, Arvind K. and De Sa, Christopher and Aberger, Christopher and Olukotun, Kunle},
 title = {Have Abstraction and Eat Performance, Too: Optimized Heterogeneous Computing with Parallel Patterns},
 booktitle = {Proceedings of the 2016 International Symposium on Code Generation and Optimization},
 series = {CGO 2016},
 year = {2016},
 isbn = {978-1-4503-3778-6},
 location = {Barcelona, Spain},
 pages = {194--205},
 numpages = {12},
 url = {http://doi.acm.org/10.1145/2854038.2854042},
 doi = {10.1145/2854038.2854042},
 acmid = {2854042},
 publisher = {ACM},
 address = {New York, NY, USA},
 keywords = {Parallel patterns, distributed memory, pattern transformations},
}

@techreport{betterfusion,
  title={Better Loop Fusion for LMS},
  author={Salvisberg, Vera},
  year={2014}
}

@inproceedings{scalan,
 author = {Slesarenko, Alexander and Filippov, Alexander and Romanov, Alexey},
 title = {First-class Isomorphic Specialization by Staged Evaluation},
 booktitle = {Proceedings of the 10th ACM SIGPLAN Workshop on Generic Programming},
 series = {WGP '14},
 year = {2014},
 isbn = {978-1-4503-3042-8},
 location = {Gothenburg, Sweden},
 pages = {35--46},
 numpages = {12},
 url = {http://doi.acm.org/10.1145/2633628.2633632},
 doi = {10.1145/2633628.2633632},
 acmid = {2633632},
 publisher = {ACM},
 address = {New York, NY, USA},
 keywords = {domain-specific languages, dsl, generic programming, isomorphisms, multi-stage programming, polytypic programming, specialization, staging},
}

@article{tagless,
 author = {Carette, Jacques and Kiselyov, Oleg and Shan, Chung-chieh},
 title = {Finally Tagless, Partially Evaluated: Tagless Staged Interpreters for Simpler Typed Languages},
 journal = {J. Funct. Program.},
 issue_date = {September 2009},
 volume = {19},
 number = {5},
 month = sep,
 year = {2009},
 issn = {0956-7968},
 pages = {509--543},
 numpages = {35},
 url = {http://dx.doi.org/10.1017/S0956796809007205},
 doi = {10.1017/S0956796809007205},
 acmid = {1630626},
 publisher = {Cambridge University Press},
 address = {New York, NY, USA},
} 


@inproceedings{virtualization,
 author = {Moors, Adriaan and Rompf, Tiark and Haller, Philipp and Odersky, Martin},
 title = {Scala-virtualized},
 booktitle = {Proceedings of the ACM SIGPLAN 2012 Workshop on Partial Evaluation and Program Manipulation},
 series = {PEPM '12},
 year = {2012},
 isbn = {978-1-4503-1118-2},
 location = {Philadelphia, Pennsylvania, USA},
 pages = {117--120},
 numpages = {4},
 url = {http://doi.acm.org/10.1145/2103746.2103769},
 doi = {10.1145/2103746.2103769},
 acmid = {2103769},
 publisher = {ACM},
 address = {New York, NY, USA},
 keywords = {code generation, domain-specific languages, language virtualization, multi-stage programming},
}

@inproceedings{staging,
 author = {J{\o}rring, Ulrik and Scherlis, William L.},
 title = {Compilers and Staging Transformations},
 booktitle = {Proceedings of the 13th ACM SIGACT-SIGPLAN Symposium on Principles of Programming Languages},
 series = {POPL '86},
 year = {1986},
 location = {St. Petersburg Beach, Florida},
 pages = {86--96},
 numpages = {11},
 url = {http://doi.acm.org/10.1145/512644.512652},
 doi = {10.1145/512644.512652},
 acmid = {512652},
 publisher = {ACM},
 address = {New York, NY, USA},
} 

@inproceedings{dslhudak,
  title={Modular domain specific languages and tools},
  author={Hudak, Paul},
  booktitle={Software Reuse, 1998. Proceedings. Fifth International Conference on},
  pages={134--142},
  year={1998},
  organization={IEEE}
}

@article{dsls,
  title={A domain-specific approach to heterogeneous parallelism},
  author={Chafi, Hassan and Sujeeth, Arvind K and Brown, Kevin J and Lee, HyoukJoong and Atreya, Anand R and Olukotun, Kunle},
  journal={ACM SIGPLAN Notices},
  volume={46},
  number={8},
  pages={35--46},
  year={2011},
  publisher={ACM}
}

@article{mapreduce,
 author = {Dean, Jeffrey and Ghemawat, Sanjay},
 title = {MapReduce: Simplified Data Processing on Large Clusters},
 journal = {Commun. ACM},
 issue_date = {January 2008},
 volume = {51},
 number = {1},
 month = jan,
 year = {2008},
 issn = {0001-0782},
 pages = {107--113},
 numpages = {7},
 url = {http://doi.acm.org/10.1145/1327452.1327492},
 doi = {10.1145/1327452.1327492},
 acmid = {1327492},
 publisher = {ACM},
 address = {New York, NY, USA},
} 


@inproceedings{spark,
 author = {Zaharia, Matei and Chowdhury, Mosharaf and Das, Tathagata and Dave, Ankur and Ma, Justin and McCauley, Murphy and Franklin, Michael J. and Shenker, Scott and Stoica, Ion},
 title = {Resilient Distributed Datasets: A Fault-tolerant Abstraction for In-memory Cluster Computing},
 booktitle = {Proceedings of the 9th USENIX Conference on Networked Systems Design and Implementation},
 series = {NSDI'12},
 year = {2012},
 location = {San Jose, CA},
 pages = {2--2},
 numpages = {1},
 url = {http://dl.acm.org/citation.cfm?id=2228298.2228301},
 acmid = {2228301},
 publisher = {USENIX Association},
 address = {Berkeley, CA, USA},
}

@inproceedings{soa,
 author = {Sung, I-Jui and Stratton, John A. and Hwu, Wen-Mei W.},
 title = {Data Layout Transformation Exploiting Memory-level Parallelism in Structured Grid Many-core Applications},
 booktitle = {Proceedings of the 19th International Conference on Parallel Architectures and Compilation Techniques},
 series = {PACT '10},
 year = {2010},
 isbn = {978-1-4503-0178-7},
 location = {Vienna, Austria},
 pages = {513--522},
 numpages = {10},
 url = {http://doi.acm.org/10.1145/1854273.1854336},
 doi = {10.1145/1854273.1854336},
 acmid = {1854336},
 publisher = {ACM},
 address = {New York, NY, USA},
 keywords = {GPU, data layout transformation, parallel programming},
} 

@inproceedings{loopfusion,
  title={Maximizing loop parallelism and improving data locality via loop fusion and distribution},
  author={Kennedy, Ken and McKinley, Kathryn S},
  booktitle={International Workshop on Languages and Compilers for Parallel Computing},
  pages={301--320},
  year={1993},
  organization={Springer}
}

@article{debug,
  title={Debuggers and logging frameworks},
  author={Spinellis, Diomidis},
  journal={IEEE software},
  volume={23},
  number={3},
  pages={98--99},
  year={2006}
}

@book{designpatterns,
  title={Design patterns: elements of reusable object-oriented software},
  author={Gamma, Erich},
  year={1995},
  publisher={Pearson Education India}
}