
@inproceedings{vernaza_rao-blackwellized_2006,
	title = {Rao-{Blackwellized} particle filtering for 6-{DOF} estimation of attitude and position via {GPS} and inertial sensors},
	url = {http://ieeexplore.ieee.org/abstract/document/1641931/},
	urldate = {2017-06-10},
	booktitle = {Robotics and {Automation}, 2006. {ICRA} 2006. {Proceedings} 2006 {IEEE} {International} {Conference} on},
	publisher = {IEEE},
	author = {Vernaza, Paul and Lee, Daniel D.},
	year = {2006},
	pages = {1571--1578},
	file = {pf6dof.pdf:/home/atoll/.zotero/zotero/4ouwyikd.default/zotero/storage/R2QRMQG5/pf6dof.pdf:application/pdf}
}

@article{yuan_quaternion-based_2015,
	title = {Quaternion-{Based} {Unscented} {Kalman} {Filter} for {Accurate} {Indoor} {Heading} {Estimation} {Using} {Wearable} {Multi}-{Sensor} {System}},
	volume = {15},
	issn = {1424-8220},
	url = {http://www.mdpi.com/1424-8220/15/5/10872/},
	doi = {10.3390/s150510872},
	language = {en},
	number = {5},
	urldate = {2017-06-10},
	journal = {Sensors},
	author = {Yuan, Xuebing and Yu, Shuai and Zhang, Shengzhi and Wang, Guoping and Liu, Sheng},
	month = may,
	year = {2015},
	pages = {10872--10890},
	file = {kfquat2.pdf:/home/atoll/.zotero/zotero/4ouwyikd.default/zotero/storage/B86F9BS9/kfquat2.pdf:application/pdf}
}

@article{valenti_keeping_2015,
	title = {Keeping a {Good} {Attitude}: {A} {Quaternion}-{Based} {Orientation} {Filter} for {IMUs} and {MARGs}},
	volume = {15},
	issn = {1424-8220},
	shorttitle = {Keeping a {Good} {Attitude}},
	url = {http://www.mdpi.com/1424-8220/15/8/19302/},
	doi = {10.3390/s150819302},
	language = {en},
	number = {8},
	urldate = {2017-06-10},
	journal = {Sensors},
	author = {Valenti, Roberto and Dryanovski, Ivan and Xiao, Jizhong},
	month = aug,
	year = {2015},
	pages = {19302--19330},
	file = {imuquat.pdf:/home/atoll/.zotero/zotero/4ouwyikd.default/zotero/storage/ITEHAGRM/imuquat.pdf:application/pdf}
}

@misc{xavier_computing_1998,
	title = {Computing the {Mean} of {Geometric} {Features} {Application} to the {Mean} {Rotation}},
	publisher = {INRIA},
	author = {Xavier, Pennec},
	year = {1998},
	file = {20070017872.pdf:/home/atoll/.zotero/zotero/4ouwyikd.default/zotero/storage/RT5BQC69/20070017872.pdf:application/pdf;20070017872.pdf:/home/atoll/.zotero/zotero/4ouwyikd.default/zotero/storage/Q9DTFH8R/20070017872.pdf:application/pdf;20070017872.pdf:/home/atoll/.zotero/zotero/4ouwyikd.default/zotero/storage/57ENDVUJ/20070017872.pdf:application/pdf;kfquat.pdf:/home/atoll/.zotero/zotero/4ouwyikd.default/zotero/storage/TKTS9ET8/kfquat.pdf:application/pdf;meanquat.pdf:/home/atoll/.zotero/zotero/4ouwyikd.default/zotero/storage/QZ5UZNC2/meanquat.pdf:application/pdf}
}

@article{markley_averaging_2007,
	title = {Averaging quaternions},
	volume = {30},
	url = {http://arc.aiaa.org/doi/abs/10.2514/1.28949},
	number = {4},
	urldate = {2017-06-10},
	journal = {Journal of Guidance, Control, and Dynamics},
	author = {Markley, F. Landis and Cheng, Yang and Crassidis, John Lucas and Oshman, Yaakov},
	year = {2007},
	pages = {1193--1197},
	file = {20070017872.pdf:/home/atoll/.zotero/zotero/4ouwyikd.default/zotero/storage/22UWQNRH/20070017872.pdf:application/pdf;handout6.pdf:/home/atoll/.zotero/zotero/4ouwyikd.default/zotero/storage/GW87M5EA/handout6.pdf:application/pdf}
}

@misc{edgar_quaternion-based_nodate,
	title = {A {Quaternion}-based {Unscented} {Kalman} {Filter} for {Orientation} {Tracking}},
	author = {Edgar, Kraft},
	file = {kfquat.pdf:/home/atoll/.zotero/zotero/4ouwyikd.default/zotero/storage/63F2XJFD/kfquat.pdf:application/pdf;RapidTrajGen.pdf:/home/atoll/.zotero/zotero/4ouwyikd.default/zotero/storage/MAQFWNI4/RapidTrajGen.pdf:application/pdf}
}

@article{doucet_tutorial_2009,
	title = {A tutorial on particle filtering and smoothing: {Fifteen} years later},
	volume = {12},
	shorttitle = {A tutorial on particle filtering and smoothing},
	url = {http://www.warwick.ac.uk/fac/sci/statistics/staff/academic-research/johansen/publications/dj11.pdf},
	number = {656-704},
	urldate = {2017-06-27},
	journal = {Handbook of nonlinear filtering},
	author = {Doucet, Arnaud and Johansen, Adam M.},
	year = {2009},
	pages = {3},
	file = {doucet_johansen_tutorialPF.pdf:/home/atoll/.zotero/zotero/4ouwyikd.default/zotero/storage/3E7349QW/doucet_johansen_tutorialPF.pdf:application/pdf}
}

@article{mueller_computationally_2015,
	title = {A computationally efficient motion primitive for quadrocopter trajectory generation},
	volume = {31},
	url = {http://ieeexplore.ieee.org/abstract/document/7299672/},
	number = {6},
	urldate = {2017-07-10},
	journal = {IEEE Transactions on Robotics},
	author = {Mueller, Mark W. and Hehn, Markus and D'Andrea, Raffaello},
	year = {2015},
	pages = {1294--1310},
	file = {RapidTrajGen.pdf:/home/atoll/.zotero/zotero/4ouwyikd.default/zotero/storage/BDMI2C6K/RapidTrajGen.pdf:application/pdf}
}